<?xml version="1.0" encoding="UTF-8"?><collection xmlns="http://www.loc.gov/MARC21/slim"><record><leader>00510nam--2200181-i-4500</leader><controlfield tag="001">000048240</controlfield><controlfield tag="002">20161230</controlfield><controlfield tag="005">20161230201046</controlfield><controlfield tag="008">060222s1000------------r-----000-0-rum-d</controlfield><datafield ind1=" " ind2=" " tag="040"><subfield code="a">IFIN-HH</subfield></datafield><datafield ind1=" " ind2=" " tag="041"><subfield code="a">rum</subfield></datafield><datafield ind1=" " ind2=" " tag="080"><subfield code="a">538.945(043)</subfield></datafield><datafield ind1="1" ind2=" " tag="100"><subfield code="a">Zarioiu,Cristina-florina</subfield></datafield><datafield ind1="1" ind2="0" tag="245"><subfield code="a">Studiul materialelor supraconductoare cu temperatura critica inalta</subfield><subfield code="b">Teza</subfield><subfield code="c">Cristina-florina zarioiu</subfield></datafield><datafield ind1=" " ind2=" " tag="260"><subfield code="a">Bucuresti</subfield><subfield code="b">Ifa</subfield><subfield code="c">1999</subfield></datafield><datafield ind1=" " ind2=" " tag="300"><subfield code="a">132 P</subfield></datafield><datafield ind1=" " ind2=" " tag="852"><subfield code="a">81051</subfield><subfield code="c">537.311.33</subfield></datafield><datafield ind1=" " ind2=" " tag="CAT"><subfield code="a">Sys</subfield><subfield code="c">20110803</subfield><subfield code="h">100114</subfield></datafield></record></collection>